@misc{realclearscience,
  title        = "Your Mobile Phone vs. Apollo 11's Guidance Computer",
  author       = "{Graham Kendall}",
  howpublished = "\url{https://www.realclearscience.com/articles/2019/07/02/your_mobile_phone_vs_apollo_11s_guidance_computer_111026.html}",
  year         = 2021
}

@misc{Mohosz,
  title        = "Elindult a Horgász applikáció: újabb jelentős lépés a horgászbarát ügyintézés és a teljes digitalizáció irányába",
  author       = "{MOHOSZ}",
  howpublished = "\url{https://nyito.mohosz.hu/index.php/szovetseg/19-kozlemenyek/593-elindult-a-horgasz-applikacio-ujabb-jelentos-lepes-a-horgaszbarat-ugyintezes-es-a-teljes-digitalizacio-iranyaba}",
  year         = 2024
}

@misc{Flutter,
  title        = "Flutter weboldala",
  author       = "{Flutter}",
  howpublished = "\url{https://flutter.dev/}",
}

@misc{React,
  title        = "React Native weboldala",
  author       = "{React}",
  howpublished = "\url{https://reactnative.dev/}",
}

@misc{Unity,
  title        = "Unity weboldala",
  author       = "{Unity}",
  howpublished = "\url{https://unity.com/}",
}

@misc{Xcode,
  title        = "Xcode weboldala",
  author       = "{Apple}",
  howpublished = "\url{https://developer.apple.com/xcode/}",
}

@misc{AndroidStudio,
  title        = "Android Studio weboldala",
  author       = "{Google}",
  howpublished = "\url{https://developer.android.com/studio}",
}

@misc{Emulator,
  title        = "Android Studio emulator",
  author       = "{Google}",
  howpublished = "\url{https://developer.android.com/studio}",
}
@misc{Gradle,
  title        = "Gradle weboldala",
  author       = "{Gradle Inc.}",
  howpublished = "\url{https://gradle.org/}",
}

@misc{Firebase,
  title        = "Firebase weboldala",
  author       = "{Google}",
  howpublished = "\url{https://firebase.google.com/}",
}

@misc{AndroidDevGroup,
  title        = "Android Developer Community",
  author       = "{Google}",
  howpublished = "\url{https://developer.android.com/community}",
}

@misc{Jetbrains,
  title        = "JetBrains intelliJ IDEA",
  author       = "{JetBrains}",
  howpublished = "\url{https://www.jetbrains.com/idea/}",
}

@misc{statistic1,
  title        = "Mobile Operating System Market Share Hungary",
  author       = "{statcounter}",
  howpublished = "\url{https://gs.statcounter.com/os-market-share/mobile/hungary}",
  year         = "2024"
}

@misc{statistic2,
  title        = "Leading mobile operating systems in Hungary in March 2024, by market share",
  author       = "{Medve Flóra}",
  howpublished = "\url{https://www.statista.com/statistics/1120778/hungary-mobile-operating-systems-market-share/}",
  year         = "2024"
}
@misc{aosp,
  title        = "Android Open Source Project",
  author       = "{Google}",
  howpublished = "\url{https://source.android.com/}",
}

@misc{fdroid,
  title        = "F-Droid Free and Open Source Android app store",
  author       = "{F-Droid poject}",
  howpublished = "\url{https://f-droid.org/}",
}

@misc{boilerplate,
  title        = "What is boilerplate and why do we use it? Necessity of coding style guide",
  author       = "{Meet Zaveri}",
  howpublished = "\url{https://www.freecodecamp.org/news/whats-boilerplate-and-why-do-we-use-it-let-s-check-out-the-coding-style-guide-ac2b6c814ee7/}",
}

@misc{mvvm,
  title        = "Model-View-ViewModel (MVVM)",
  author       = "{Microsoft}",
  howpublished = "\url{https://learn.microsoft.com/hu-hu/dotnet/architecture/maui/mvvm/}",
}